@book{horowitz2015,
  title={The Art of Electronics},
  author={Horowitz, P. and Hill, W.},
  isbn={9780521809269},
  year={2015},
  publisher={Cambridge University Press}, 
  edition={3}
}

@book{dickson2007,
  title={The Loudspeaker Design Cookbook},
  author={Dickason, V.},
  isbn={9781882580477},
  year={2007},
  publisher={Audio Amateur Press}, 
  edition = {7}
}

@book{dewilde2016,
  title={Les fous du son},
  author={de Wilde, L.},
  isbn={9782246859284},
  year={2016},
  publisher={Grasset}
}

@inproceedings{wang2003,
  title={An industrial strength audio search algorithm},
  author={Wang, Avery},
  booktitle = {ISMIR 2003, 4th Symposium Conference on Music Information Retrieval},
  pages={7--13},
  year={2003},
}